<?xml version='1.0' encoding='UTF-8'?>
<record xmlns="http://www.loc.gov/MARC21/slim">
  <leader>01363cam a2200289 a 4500</leader>
  <controlfield tag="001">1121220</controlfield>
  <controlfield tag="003">NjP</controlfield>
  <controlfield tag="005">20170905110702.0</controlfield>
  <controlfield tag="008">970227s1989    ir            000 0 ara d</controlfield>
  <datafield tag="024" ind1="7" ind2=" ">
    <subfield code="a">princeton_aco001865</subfield>
    <subfield code="2">local</subfield>
  </datafield>
  <datafield ind1=" " ind2=" " tag="035">
    <subfield code="a">(OCoLC)36539614</subfield>
  </datafield>
  <datafield ind1=" " ind2=" " tag="035">
    <subfield code="a">(CStRLIN)NJPG97-B12666</subfield>
  </datafield>
  <datafield ind1=" " ind2=" " tag="035">
    <subfield code="9">CCL7810TS</subfield>
  </datafield>
  <datafield ind1=" " ind2=" " tag="035">
    <subfield code="a">1121220</subfield>
  </datafield>
  <datafield ind1=" " ind2=" " tag="040">
    <subfield code="a">NjP</subfield>
    <subfield code="c">NjP</subfield>
  </datafield>
  <datafield ind1="1" ind2=" " tag="100">
    <subfield code="a">Qaṭīfī, Ibrāhīm ibn Sulaymān,</subfield>
    <subfield code="d">-approximately 1543.</subfield>
    <subfield code="0">http://id.loc.gov/authorities/names/nr97011552</subfield>
  </datafield>
  <datafield ind1="1" ind2="0" tag="240">
    <subfield code="a">Sirāj al-wahhāj li-dafʻ ʻajāj Qāṭiʻat al-lijāj</subfield>
  </datafield>
  <datafield ind1="1" ind2="0" tag="245">
    <subfield code="a">Risālat al-sirāj al-wahhāj li-dafʻ ʻajāj Qāṭiʻat al-lijāj /</subfield>
    <subfield code="c">lil-ʻālim Ibrāhīm ibn Sulaymān al-Baḥrānī.</subfield>
  </datafield>
  <datafield ind1="1" ind2="4" tag="246">
    <subfield code="a">Sirāj al-wahhāj li-dafʻ ʻajāj Qāṭiʻat al-lijāj</subfield>
  </datafield>
  <datafield ind1=" " ind2=" " tag="250">
    <subfield code="a">al-Ṭabʻah 1.</subfield>
  </datafield>
  <datafield ind1=" " ind2=" " tag="260">
    <subfield code="a">Qum :</subfield>
    <subfield code="b">al-Maṭbaʻah al-ʻIlmīyah,</subfield>
    <subfield code="c">1410 [1989 or 19990]</subfield>
  </datafield>
  <datafield ind1=" " ind2=" " tag="300">
    <subfield code="a">128 p. ;</subfield>
    <subfield code="c">25 cm.</subfield>
  </datafield>
  <datafield ind1="0" ind2=" " tag="490">
    <subfield code="a">Iḥyāʼ al-aḥyāʼ ;</subfield>
    <subfield code="v">9</subfield>
  </datafield>
  <datafield ind1="1" ind2="0" tag="600">
    <subfield code="a">Muḥaqqiq al-Thānī, ʻAlī ibn al-Ḥusayn,</subfield>
    <subfield code="d">1463 or 1464-1533 or 1534.</subfield>
    <subfield code="t">Qāṭiʻat al-lijāj fī ḥall al-kharāj.</subfield>
  </datafield>
  <datafield ind1=" " ind2="0" tag="650">
    <subfield code="a">Real property tax (Islamic law)</subfield>
    <subfield code="0">http://id.loc.gov/authorities/subjects/sh85111762</subfield>
  </datafield>
  <datafield ind1=" " ind2=" " tag="998">
    <subfield code="a">02/27/97</subfield>
    <subfield code="s">9114</subfield>
    <subfield code="n">NjP</subfield>
    <subfield code="d">02/27/97</subfield>
    <subfield code="c">JEB</subfield>
    <subfield code="b">JEB</subfield>
    <subfield code="i">970227</subfield>
    <subfield code="l">NJPG</subfield>
  </datafield>
  <datafield ind1=" " ind2=" " tag="911">
    <subfield code="a">19970306</subfield>
  </datafield>
  <datafield ind1=" " ind2=" " tag="912">
    <subfield code="a">19970227000000.0</subfield>
  </datafield>
  <datafield ind1="0" ind2="0" tag="852">
    <subfield code="0">1286874</subfield>
    <subfield code="b">nec</subfield>
    <subfield code="t">1</subfield>
    <subfield code="h">KBP3670.M843</subfield>
    <subfield code="i">Q216 1989</subfield>
  </datafield>
  <datafield ind1=" " ind2=" " tag="959">
    <subfield code="a">2000-06-13 00:00:00 -0500</subfield>
  </datafield>
</record>
